<record><leader>00000cas a2200000 a 4500</leader><controlfield tag="001">12195788</controlfield><controlfield tag="008">850625d19011902ksuwr ne      0    0eng d</controlfield><datafield ind1=" " ind2=" " tag="010"><subfield code="a">sn 85031448 </subfield></datafield><datafield ind1=" " ind2=" " tag="040"><subfield code="a">KSH</subfield><subfield code="b">eng</subfield><subfield code="c">KSH</subfield><subfield code="d">NPT</subfield><subfield code="d">OCL</subfield><subfield code="d">OCLCQ</subfield></datafield><datafield ind1=" " ind2=" " tag="042"><subfield code="a">msc</subfield></datafield><datafield ind1="0" ind2="0" tag="245"><subfield code="a">Cherryvale weekly news.</subfield></datafield><datafield ind1=" " ind2=" " tag="260"><subfield code="a">Cherryvale, Kan. :</subfield><subfield code="b">J.H. Ritchie,</subfield><subfield code="c">-1902.</subfield></datafield><datafield ind1=" " ind2=" " tag="300"><subfield code="a">v. ;</subfield><subfield code="c">55 cm.</subfield></datafield><datafield ind1="0" ind2=" " tag="362"><subfield code="a">-v. 10, no. 27 (Dec. 26, 1902).</subfield></datafield><datafield ind1="1" ind2=" " tag="362"><subfield code="a">Began in Nov. 1901.</subfield></datafield><datafield ind1=" " ind2=" " tag="500"><subfield code="a">Published by: The News Pub. Co., June 20-July 4, 1902; J.H. Ritchie &amp; Son, July 11-Dec. 26, 1902.</subfield></datafield><datafield ind1=" " ind2=" " tag="580"><subfield code="a">Issued also in a daily edition called: Cherryvale daily news.</subfield></datafield><datafield ind1=" " ind2=" " tag="588"><subfield code="a">Description based on: Vol. 8, no. 22 (Dec. 6, 1901).</subfield></datafield><datafield ind1=" " ind2=" " tag="752"><subfield code="a">United States</subfield><subfield code="b">Kansas</subfield><subfield code="c">Montgomery</subfield><subfield code="d">Cherryvale.</subfield></datafield><datafield ind1="1" ind2=" " tag="775"><subfield code="t">Cherryvale daily news</subfield><subfield code="w">(DLC)sn 85031369</subfield></datafield><datafield ind1="0" ind2="0" tag="780"><subfield code="t">Cherryvale news (Cherryvale, Kan. : 1898)</subfield><subfield code="w">(DLC)sn 85031373</subfield></datafield><datafield ind1="0" ind2="0" tag="785"><subfield code="t">Cherryvale news (Cherryvale, Kan. : 1903)</subfield><subfield code="w">(DLC)sn 85031449</subfield></datafield></record>